@article{DBLP:journals/corr/AndersonHBTJGZ17,
  author    = {Peter Anderson and
               Xiaodong He and
               Chris Buehler and
               Damien Teney and
               Mark Johnson and
               Stephen Gould and
               Lei Zhang},
  title     = {Bottom-Up and Top-Down Attention for Image Captioning and {VQA}},
  journal   = {CoRR},
  volume    = {abs/1707.07998},
  year      = {2017},
  url       = {http://arxiv.org/abs/1707.07998},
  archivePrefix = {arXiv},
  eprint    = {1707.07998},
  timestamp = {Sat, 05 Aug 2017 14:56:01 +0200},
  biburl    = {https://dblp.org/rec/bib/journals/corr/AndersonHBTJGZ17},
  bibsource = {dblp computer science bibliography, https://dblp.org}
}

@article{DBLP:journals/corr/AndersonFJG16,
  author    = {Peter Anderson and
               Basura Fernando and
               Mark Johnson and
               Stephen Gould},
  title     = {{SPICE:} Semantic Propositional Image Caption Evaluation},
  journal   = {CoRR},
  volume    = {abs/1607.08822},
  year      = {2016},
  url       = {http://arxiv.org/abs/1607.08822},
  archivePrefix = {arXiv},
  eprint    = {1607.08822},
  timestamp = {Wed, 07 Jun 2017 14:42:18 +0200},
  biburl    = {https://dblp.org/rec/bib/journals/corr/AndersonFJG16},
  bibsource = {dblp computer science bibliography, https://dblp.org}
}

@article{DBLP:journals/corr/VedantamZP14a,
  author    = {Ramakrishna Vedantam and
               C. Lawrence Zitnick and
               Devi Parikh},
  title     = {CIDEr: Consensus-based Image Description Evaluation},
  journal   = {CoRR},
  volume    = {abs/1411.5726},
  year      = {2014},
  url       = {http://arxiv.org/abs/1411.5726},
  archivePrefix = {arXiv},
  eprint    = {1411.5726},
  timestamp = {Wed, 07 Jun 2017 14:42:24 +0200},
  biburl    = {https://dblp.org/rec/bib/journals/corr/VedantamZP14a},
  bibsource = {dblp computer science bibliography, https://dblp.org}
}

@inproceedings{denkowski2014meteor,
  title={Meteor universal: Language specific translation evaluation for any target language},
  author={Denkowski, Michael and Lavie, Alon},
  booktitle={Proceedings of the ninth workshop on statistical machine translation},
  pages={376--380},
  year={2014}
}

@article{lin2004rouge,
  title={Rouge: A package for automatic evaluation of summaries},
  author={Lin, Chin-Yew},
  journal={Text Summarization Branches Out},
  year={2004}
}

@inproceedings{papineni2002bleu,
  title={BLEU: a method for automatic evaluation of machine translation},
  author={Papineni, Kishore and Roukos, Salim and Ward, Todd and Zhu, Wei-Jing},
  booktitle={Proceedings of the 40th annual meeting on association for computational linguistics},
  pages={311--318},
  year={2002},
  organization={Association for Computational Linguistics}
}

@article{DBLP:journals/corr/abs-1711-09151,
  author    = {Jyoti Aneja and
               Aditya Deshpande and
               Alexander G. Schwing},
  title     = {Convolutional Image Captioning},
  journal   = {CoRR},
  volume    = {abs/1711.09151},
  year      = {2017},
  url       = {http://arxiv.org/abs/1711.09151},
  archivePrefix = {arXiv},
  eprint    = {1711.09151},
  timestamp = {Mon, 04 Dec 2017 18:34:59 +0100},
  biburl    = {https://dblp.org/rec/bib/journals/corr/abs-1711-09151},
  bibsource = {dblp computer science bibliography, https://dblp.org}
}

@article{DBLP:journals/corr/VinyalsTBE14,
  author    = {Oriol Vinyals and
               Alexander Toshev and
               Samy Bengio and
               Dumitru Erhan},
  title     = {Show and Tell: {A} Neural Image Caption Generator},
  journal   = {CoRR},
  volume    = {abs/1411.4555},
  year      = {2014},
  url       = {http://arxiv.org/abs/1411.4555},
  archivePrefix = {arXiv},
  eprint    = {1411.4555},
  timestamp = {Wed, 07 Jun 2017 14:41:10 +0200},
  biburl    = {https://dblp.org/rec/bib/journals/corr/VinyalsTBE14},
  bibsource = {dblp computer science bibliography, https://dblp.org}
}

@article{DBLP:journals/corr/XuBKCCSZB15,
  author    = {Kelvin Xu and
               Jimmy Ba and
               Ryan Kiros and
               Kyunghyun Cho and
               Aaron C. Courville and
               Ruslan Salakhutdinov and
               Richard S. Zemel and
               Yoshua Bengio},
  title     = {Show, Attend and Tell: Neural Image Caption Generation with Visual
               Attention},
  journal   = {CoRR},
  volume    = {abs/1502.03044},
  year      = {2015},
  url       = {http://arxiv.org/abs/1502.03044},
  archivePrefix = {arXiv},
  eprint    = {1502.03044},
  timestamp = {Wed, 07 Jun 2017 14:43:05 +0200},
  biburl    = {https://dblp.org/rec/bib/journals/corr/XuBKCCSZB15},
  bibsource = {dblp computer science bibliography, https://dblp.org}
}

@article{DBLP:journals/corr/AndersonHBTJGZ17,
  author    = {Peter Anderson and
               Xiaodong He and
               Chris Buehler and
               Damien Teney and
               Mark Johnson and
               Stephen Gould and
               Lei Zhang},
  title     = {Bottom-Up and Top-Down Attention for Image Captioning and {VQA}},
  journal   = {CoRR},
  volume    = {abs/1707.07998},
  year      = {2017},
  url       = {http://arxiv.org/abs/1707.07998},
  archivePrefix = {arXiv},
  eprint    = {1707.07998},
  timestamp = {Sat, 05 Aug 2017 14:56:01 +0200},
  biburl    = {https://dblp.org/rec/bib/journals/corr/AndersonHBTJGZ17},
  bibsource = {dblp computer science bibliography, https://dblp.org}
}

@inproceedings{zitnick2014edge,
  title={Edge boxes: Locating object proposals from edges},
  author={Zitnick, C Lawrence and Doll{\'a}r, Piotr},
  booktitle={European Conference on Computer Vision},
  pages={391--405},
  year={2014},
  organization={Springer}
}

@article{DBLP:journals/corr/JaderbergSZK15,
  author    = {Max Jaderberg and
               Karen Simonyan and
               Andrew Zisserman and
               Koray Kavukcuoglu},
  title     = {Spatial Transformer Networks},
  journal   = {CoRR},
  volume    = {abs/1506.02025},
  year      = {2015},
  url       = {http://arxiv.org/abs/1506.02025},
  archivePrefix = {arXiv},
  eprint    = {1506.02025},
  timestamp = {Wed, 07 Jun 2017 14:42:58 +0200},
  biburl    = {https://dblp.org/rec/bib/journals/corr/JaderbergSZK15},
  bibsource = {dblp computer science bibliography, https://dblp.org}
}
maintained by Schloss Dagstuhl LZI at University of Trier	homebrowsesearchabout


@inproceedings{ren2015faster,
  title={Faster r-cnn: Towards real-time object detection with region proposal networks},
  author={Ren, Shaoqing and He, Kaiming and Girshick, Ross and Sun, Jian},
  booktitle={Advances in neural information processing systems},
  pages={91--99},
  year={2015}
}

@article{hodosh2013framing,
  title={Framing image description as a ranking task: Data, models and evaluation metrics},
  author={Hodosh, Micah and Young, Peter and Hockenmaier, Julia},
  journal={Journal of Artificial Intelligence Research},
  volume={47},
  pages={853--899},
  year={2013}
}
@article{DBLP:journals/corr/HeZRS15,
  author    = {Kaiming He and
               Xiangyu Zhang and
               Shaoqing Ren and
               Jian Sun},
  title     = {Deep Residual Learning for Image Recognition},
  journal   = {CoRR},
  volume    = {abs/1512.03385},
  year      = {2015},
  url       = {http://arxiv.org/abs/1512.03385},
  archivePrefix = {arXiv},
  eprint    = {1512.03385},
  timestamp = {Wed, 07 Jun 2017 14:41:17 +0200},
  biburl    = {https://dblp.org/rec/bib/journals/corr/HeZRS15},
  bibsource = {dblp computer science bibliography, https://dblp.org}
}


@inproceedings{deng2009imagenet,
  title={Imagenet: A large-scale hierarchical image database},
  author={Deng, Jia and Dong, Wei and Socher, Richard and Li, Li-Jia and Li, Kai and Fei-Fei, Li},
  booktitle={Computer Vision and Pattern Recognition, 2009. CVPR 2009. IEEE Conference on},
  pages={248--255},
  year={2009},
  organization={IEEE}
}

@article{kingma2014adam,
  title={Adam: A method for stochastic optimization},
  author={Kingma, Diederik P and Ba, Jimmy},
  journal={arXiv preprint arXiv:1412.6980},
  year={2014}
}